@inproceedings{Goldsmith2007,
 author = {Goldsmith, Simon F. and Aiken, Alex S. and Wilkerson, Daniel S.},
 title = {Measuring Empirical Computational Complexity},
 booktitle = {Proc. of the 6th ESEC/FSE},
 year = {2007}
}

@inproceedings{Kapfhammer2013,
  author    = "Gregory M. Kapfhammer and Phil McMinn and Chris J. Wright",
  title     = "Search-Based Testing of Relational Schema Integrity Constraints Across Multiple
               Database Management Systems",
  booktitle = {Proc of the 6th ICST},
  year      = "2013",
}

@book{McGeoch2012,
  author    = {Catherine C. McGeoch},
  title     = {A Guide to Experimental Algorithmics},
  publisher = {Cambridge University Press},
  year      = {2012},
}

@book{Goodrich:Data,
  added-at = {2011-04-21T00:00:00.000+0200},
  author = {Goodrich, Michael T. and Tamassia, Roberto},
  biburl = {http://www.bibsonomy.org/bibtex/214c605a18607b83b423bc7f961cffd80/dblp},
  interhash = {dd7ef21613fb939f611224bdcb827875},
  intrahash = {14c605a18607b83b423bc7f961cffd80},
  isbn = {978-0-471-19308-1},
  keywords = {dblp},
  pages = {I-XVIII, 1-738},
  publisher = {Wiley},
  series = {World wide series in computer science},
  timestamp = {2011-04-21T00:00:00.000+0200},
  title = {Data structures and algorithms in Java.},
  year = 1998
}

@book{Sedgewick1998,
 author    = {Sedgewick, Robert and Schidlowsky, Michael},
 title     = {Algorithms in Java: Fundamentals, Data Structures, Sorting, Searching},
 year      = {1998},
 edition   = {3rd},
 publisher = {Addison-Wesley Longman Publishing Co., Inc.}
}

@inproceedings{Walcott2006,
    author                  = {Walcott, Kristen R. and Soffa, Mary Lou and Kapfhammer, Gregory M. and Roos, Robert S.},
    title                   = {Time-Aware Test Suite Prioritization},
    booktitle               = {Proc. of ISSTA},
    year                    = {2006},
}

@book{Ammann2008,
    author    = {Paul Ammann and Jeff Offutt},
    title     = {Introduction to software testing},
    publisher = {Cambridge University Press},
    year      = {2008},
}

@article{McMinn2004a,
    author    = {Phil McMinn},
    title     = {Search-Based Software Test Data Generation: A Survey},
    journal   = {Software Testing, Verification and Reliability},
    volume    = {14},
    number    = {2},
    pages     = {105--156},
    year      = {2004},
}
